
@article{AdobeXD2020,
  title = {Adobe {{XD}}},
  year = {2020},
  month = sep,
  abstract = {Adobe XD is a vector-based user experience design tool for web apps and mobile apps, developed and published by Adobe Inc. It is available for macOS and Windows, although there are versions for iOS and Android to help preview the result of work directly on mobile devices. Adobe XD supports website wireframing and creating click-through prototypes.},
  annotation = {Page Version ID: 976692666},
  copyright = {Creative Commons Attribution-ShareAlike License},
  file = {/Users/macbook/Zotero/storage/ZEC9I2N9/index.html},
  journal = {Wikipedia},
  language = {en}
}

@misc{AndroidWikipedia,
  title = {Android \textemdash{} {{Wikip\'edia}}},
  file = {/Users/macbook/Zotero/storage/S5363EVT/Android.html},
  howpublished = {https://fr.wikipedia.org/wiki/Android}
}

@article{ApplicationMobile2020,
  title = {{Application mobile}},
  year = {2020},
  month = jul,
  abstract = {Une application mobile est un logiciel applicatif d\'evelopp\'e pour un appareil \'electronique mobile, tel qu'un assistant personnel, un t\'el\'ephone portable, un smartphone, un baladeur num\'erique, une tablette tactile, ou encore certains ordinateurs fonctionnant avec le syst\`eme d'exploitation Windows Phone ou Chrome OS. Elles sont pour la plupart distribu\'ees depuis des plateformes de t\'el\'echargement (parfois elles-m\^emes contr\^ol\'ees par les fabricants de smartphones) telles que l'App Store (plateforme d'Apple), le Google Play (plateforme de Google / Android), ou encore le Microsoft Store (plateforme de Microsoft pour Windows 10 Mobile). Mais des applications peuvent aussi \^etre install\'ees sur un ordinateur, gr\^ace par exemple au logiciel iTunes distribu\'e par Apple pour ses appareils. Les applications distribu\'ees \`a partir des magasins d'applications sont soit payantes, soit gratuites, mais g\'en\'eralement avec des publicit\'es. Sur certaines plateformes, les applications peuvent aussi \^etre install\'ees \`a partir de sources tierces, via un site non affili\'e au distributeur d'origine. Sur Android, cela est possible en activant le mode d\'eveloppeur. Sur iOS, cette manipulation est possible soit en \'etant d\'eveloppeur Apple, soit en poss\'edant un appareil jailbreak\'e.},
  annotation = {Page Version ID: 173323302},
  copyright = {Creative Commons Attribution-ShareAlike License},
  file = {/Users/macbook/Zotero/storage/MSXU4NYC/index.html},
  journal = {Wikip\'edia},
  language = {fr}
}

@article{Balsamiq2020,
  title = {Balsamiq},
  year = {2020},
  month = aug,
  abstract = {Balsamiq Studios is an ISV founded in March 2008 by Peldi Guilizzoni, a former Adobe senior software engineer.  The Web-based Balsamiq mockup tool was launched in June 2008. Balsamiq has 33 employees based in San Francisco, Sacramento, Chicago, Bologna, Paris, and Bremen.  In 2011, Balsamiq achieved almost \$5 million USD in sales, and \$6.4 million USD in 2015.},
  annotation = {Page Version ID: 973540327},
  copyright = {Creative Commons Attribution-ShareAlike License},
  file = {/Users/macbook/Zotero/storage/MNI7YAYU/index.html},
  journal = {Wikipedia},
  language = {en}
}

@misc{CycleVieDeveloppement,
  title = {Cycle de Vie Du D\'eveloppement d'une Application Mobile},
  file = {/Users/macbook/Zotero/storage/TNJR3FIU/cycle-de-vie-du-developpement-d-une-application-mobile.html},
  howpublished = {https://appinov.com/blog/article/cycle-de-vie-du-developpement-d-une-application-mobile}
}

@misc{DartProgrammingLanguage,
  title = {Dart Programming Language},
  abstract = {Dart is a client-optimized language for fast apps on any platform},
  file = {/Users/macbook/Zotero/storage/E6N5HPJH/dart.dev.html},
  howpublished = {https://dart.dev/}
}

@misc{DartSUPINFOEcole,
  title = {Le {{Dart}} | {{SUPINFO}}, {{\'Ecole Sup\'erieure}} d'{{Informatique}}},
  file = {/Users/macbook/Zotero/storage/PQEEETQK/6001-dart.html},
  howpublished = {https://www.supinfo.com/articles/single/6001-dart}
}

@misc{emilieFlutterParticularitesAvantages2019,
  title = {{Flutter : particularit\'es, avantages et inconv\'enients}},
  shorttitle = {{Flutter}},
  author = {par Emilie, Publi{\'e} le 25/09/2019},
  year = {2019},
  month = sep,
  abstract = {Alors que nous avons pendant longtemps conseill\'e des d\'eveloppements purement natifs, faute d'avoir des r\'esultats satisfaisants avec les d\'eveloppements multi-plateformes, Flutter rebat les cartes. Qu'apporte t-il pour r\'eussir \`a souffler un vent nouveau~dans le monde du d\'eveloppement mobile ?},
  file = {/Users/macbook/Zotero/storage/398TADCD/flutter-avantages-inconvenients.html},
  howpublished = {https://www.mobizel.com/flutter-avantages-inconvenients/},
  journal = {Mobizel},
  language = {fr-FR}
}

@article{Firebase2020,
  title = {Firebase},
  year = {2020},
  month = aug,
  abstract = {Firebase is a platform developed by Google for creating mobile and web applications. It was originally an independent company founded in 2011. In 2014, Google acquired the platform and it is now their flagship offering for app development.},
  annotation = {Page Version ID: 973553570},
  copyright = {Creative Commons Attribution-ShareAlike License},
  file = {/Users/macbook/Zotero/storage/26ZC6YEN/index.html},
  journal = {Wikipedia},
  language = {en}
}

@misc{FirebasePricing,
  title = {Firebase {{Pricing}}},
  file = {/Users/macbook/Zotero/storage/V8CRYFMX/pricing.html},
  howpublished = {https://firebase.google.com/pricing/?gclid=CjwKCAjw19z6BRAYEiwAmo64LfroajM6NixUZ1jph\_6HHS\_tkvt6uEBi0bvl88MF8GvwjtxhILeaExoCD2IQAvD\_BwE}
}

@misc{FlutterArchitecturalOverview,
  title = {Flutter Architectural Overview},
  abstract = {A high-level overview of the architecture of Flutter, including the core principles and concepts that form its design.},
  file = {/Users/macbook/Zotero/storage/FK9VEF2Y/architectural-overview.html},
  howpublished = {https://flutter.dev/docs/resources/architectural-overview},
  language = {en}
}

@misc{FlutterDefinitionSimple,
  title = {Flutter : {{D\'efinition}} Simple et Facile Du Dictionnaire},
  file = {/Users/macbook/Zotero/storage/WQKSC8K2/flutter.html},
  howpublished = {https://www.linternaute.fr/dictionnaire/fr/definition/flutter/}
}

@misc{FlutterDocumentation,
  title = {Flutter Documentation},
  abstract = {The landing page for Flutter documentation.},
  file = {/Users/macbook/Zotero/storage/KRUTX6D3/docs.html},
  howpublished = {https://flutter.dev/docs},
  language = {en}
}

@misc{FlutterDocumentationFlutter,
  title = {Flutter {{Documentation}} - {{Flutter}}},
  file = {/Users/macbook/Zotero/storage/VHCM7TXV/docs.html},
  howpublished = {https://flutter.dev/docs\#whats-new-on-this-site}
}

@misc{FlutterParticularitesAvantages2019,
  title = {{Flutter : particularit\'es, avantages et inconv\'enients}},
  shorttitle = {{Flutter}},
  year = {2019},
  month = sep,
  abstract = {Alors que nous avons pendant longtemps conseill\'e des d\'eveloppements purement natifs, faute d'avoir des r\'esultats satisfaisants avec les d\'eveloppements multi-plateformes, Flutter rebat les cartes. Qu'apporte t-il pour r\'eussir \`a souffler un vent nouveau~dans le monde du d\'eveloppement mobile ?},
  chapter = {D\'eveloppement},
  file = {/Users/macbook/Zotero/storage/CK4NLRZI/flutter-avantages-inconvenients.html},
  howpublished = {https://www.mobizel.com/flutter-avantages-inconvenients/},
  journal = {Mobizel},
  language = {fr-FR}
}

@article{GoogleAPIs2020,
  title = {Google {{APIs}}},
  year = {2020},
  month = aug,
  abstract = {Google APIs are application programming interfaces (APIs) developed by Google which allow communication with Google Services and their integration to other services. Examples of these include Search, Gmail, Translate or Google Maps. Third-party apps can use these APIs to take advantage of or extend the functionality of the existing services. The APIs provide functionality like analytics, machine learning as a service (the Prediction API) or access to user data (when permission to read the data is given). Another important example is an embedded Google map on a website, which can be achieved using the Static maps API, Places API or Google Earth API.},
  annotation = {Page Version ID: 971085809},
  copyright = {Creative Commons Attribution-ShareAlike License},
  file = {/Users/macbook/Zotero/storage/5B8Y2N44/index.html},
  journal = {Wikipedia},
  language = {en}
}

@article{GoogleMaps2020,
  title = {{Google Maps}},
  year = {2020},
  month = jun,
  abstract = {Google Maps est un service de cartographie en ligne. Le service a \'et\'e cr\'e\'e par Google suite au rachat en octobre 2004 de la start-up australienne Where 2 Technologies. Lanc\'e en f\'evrier 2005 aux \'Etats-Unis et au Canada, puis en Grande-Bretagne (sous le nom de Google Local), Google Maps a \'et\'e lanc\'e mardi 25 avril 2006, simultan\'ement en France, Allemagne, Espagne et Italie.  C'est un service disponible sur PC, sur tablette et sur smartphone qui permet, \`a partir de l'\'echelle mondiale, de zoomer jusqu'\`a l'\'echelle d'une habitation. Des prises de vue fixes montrant les d\'etails de certaines rues sont \'egalement accessibles gr\^ace \`a une passerelle vers Google Street View. Plusieurs types de vue sont disponibles dans Google Maps : une vue en plan cartographique classique, avec nom des rues, quartier, villes et une vue en images satellites ou photographies a\'eriennes, qui couvre aujourd'hui le monde entier, une vue en images obliques couvrant les grandes villes du monde et certaines villes secondaires et une vue avec le relief. Ce service n'est plus en version b\^eta depuis le 12 septembre 2007, et a \'et\'e ajout\'e aux liens de la page d'accueil de Google.},
  annotation = {Page Version ID: 172093830},
  copyright = {Creative Commons Attribution-ShareAlike License},
  file = {/Users/macbook/Zotero/storage/ENWXAYBW/index.html},
  journal = {Wikip\'edia},
  language = {fr}
}

@misc{GoogleMapsWikipedia,
  title = {Google {{Maps}} \textemdash{} {{Wikip\'edia}}},
  file = {/Users/macbook/Zotero/storage/DBIBH2DY/Google_maps.html},
  howpublished = {https://fr.wikipedia.org/wiki/Google\_maps}
}

@misc{HowChinaUsing,
  title = {How {{China}} Is Using Robots and Telemedicine to Combat the Coronavirus},
  file = {/Users/macbook/Zotero/storage/TWGPKMEH/how-china-is-using-robots-and-telemedicine-to-combat-the-coronavirus.html},
  howpublished = {https://www.cnbc.com/2020/03/18/how-china-is-using-robots-and-telemedicine-to-combat-the-coronavirus.html}
}

@article{IOS2020,
  title = {{iOS}},
  year = {2020},
  month = sep,
  abstract = {iOS, anciennement iPhone OS le \guillemotleft{} i \guillemotright{} de iOS \'etant pour iPhone d'o\`u la minuscule, est le syst\`eme d'exploitation mobile d\'evelopp\'e par Apple pour plusieurs de ses appareils. Il est d\'eriv\'e de macOS dont il partage les fondations (le noyau hybride XNU bas\'e sur le micro-noyau Mach, les services Unix et Cocoa, etc.). iOS comporte quatre couches d'abstraction, similaires \`a celles de macOS : une couche \guillemotleft{} Core OS \guillemotright, une couche \guillemotleft{} Core Services \guillemotright, une couche \guillemotleft{} Media \guillemotright{} et une couche \guillemotleft{} Cocoa \guillemotright,. Le syst\`eme d'exploitation occupe au maximum 3 Go de la capacit\'e m\'emoire totale de l'appareil, selon l'appareil. Ce syst\`eme d'exploitation n'avait aucun nom officiel avant la publication du kit de d\'eveloppement iPhone (SDK) le 6 mars 2008. Jusqu'\`a cette date, Apple se contentait de mentionner que \guillemotleft{} l'iPhone tourne sous OS X \guillemotright,, une r\'ef\'erence ambigu\"e au syst\`eme d'exploitation source d'iOS, macOS. Ce n'est qu'\`a cette occasion que Scott Forstall pr\'esenta l'architecture interne du syst\`eme d'exploitation, et d\'evoila alors le nom d'iPhone OS. Ce nom a \'et\'e chang\'e le 7 juin 2010 pour iOS. La marque commerciale \guillemotleft{} IOS \guillemotright{} \'etait utilis\'ee par  Cisco depuis plus de dix ans pour son propre syst\`eme d'exploitation, IOS, utilis\'e sur ses routeurs. Pour \'eviter toute poursuite judiciaire, Apple a acquis aupr\`es de Cisco une licence d'exploitation de la marque \guillemotleft{} IOS \guillemotright. Le kit de d\'eveloppement en question, disponible pour macOS, propose les outils n\'ecessaires \`a la cr\'eation d'une application pouvant tourner sous iOS. Si son t\'el\'echargement et son utilisation sont gratuits, la publication de telles applications requiert d'adh\'erer au programme des d\'eveloppeurs Apple, pour la somme de 99 \$ par an. Il n'en demeure pas moins que cette offre peut s'av\'erer int\'eressante pour bon nombre de d\'eveloppeurs, \'etant donn\'ee la taille relative du march\'e cr\'e\'e par iOS. En effet, lors de la pr\'esentation des iPhone XS, XS Max, XR et Apple Watch Series 4, en septembre 2018, le PDG d'Apple Tim Cook annonce que plus de deux milliards d'appareils mobiles fonctionnent sous iOS.  De surcro\^it, le portail App Store, destin\'e \`a l'exposition de toutes les applications d\'evelopp\'ees pour ce syst\`eme d'exploitation, est souvent pr\'esent\'e comme un mod\`ele \'economique couronn\'e de succ\`es : avec un catalogue de 2 200 000 applications pour un total de 170 milliards d'applications t\'el\'echarg\'ees. iOS repr\'esente environ 15 \% des smartphones en septembre 2018. La derni\`ere grande mise \`a jour, iOS 13,  est pr\'esent\'ee le 3 juin 2019 \`a la WWDC 2019 pour une mise en circulation officielle le 19 septembre de la m\^eme ann\'ee. \`A ce jour, trois autres OS sont bas\'es sur iOS : watchOS pour l'Apple Watch, iPadOS pour l'iPad et tvOS pour l'Apple TV. Lors de la WWDC 2019, Apple annonce qu'un nouveau nom sera d\'esormais utilis\'e pour qualifier iOS sur iPad : il s'agit d'iPadOS.},
  annotation = {Page Version ID: 174592266},
  copyright = {Creative Commons Attribution-ShareAlike License},
  file = {/Users/macbook/Zotero/storage/TQMC7AE9/index.html},
  journal = {Wikip\'edia},
  language = {fr}
}

@article{MaterialDesign2020,
  title = {{Material design}},
  year = {2020},
  month = feb,
  abstract = {Le Material Design est un ensemble de r\`egles de design propos\'ees par Google et qui s'appliquent \`a l'interface graphique des logiciels et applications. Il est utilis\'e notamment \`a partir de la version 5.0 du syst\`eme d'exploitation Android. Google a pr\'esent\'e le Material Design pour la premi\`ere fois lors de la conf\'erence Google I/O, le 25 juin 2014. En misant sur les motifs \guillemotleft{} carte \guillemotright, d\'ej\`a utilis\'es dans Google Now, ces r\`egles de design mettent l'accent sur une utilisation accrue des mises en page bas\'ees sur une grille, des animations et des transitions, des effets de profondeur tels l'\'eclairage et les ombres. Selon Google ce nouveau langage de design est bas\'e sur le papier et l'encre. Le designer Mat\'ias Duarte explique que \guillemotleft{} contrairement au vrai papier, notre mat\'eriau num\'erique peut s'\'etirer et se modifier de mani\`ere intelligente. Le mat\'eriau contextuel a une surface physique et des bords. Les superpositions et les ombres donnent des informations sur ce que vous pouvez toucher \guillemotright [r\'ef. n\'ecessaire]. Ce design d'interface utilisateur succ\`ede au design Holo utilis\'e par Android de la version 4.0 \`a la version 4.4.},
  annotation = {Page Version ID: 167848825},
  copyright = {Creative Commons Attribution-ShareAlike License},
  file = {/Users/macbook/Zotero/storage/5T2DPY56/index.html},
  journal = {Wikip\'edia},
  language = {fr}
}

@misc{RestaurantsSiteReservation,
  title = {{Restaurants: le site de r\'eservation LaFourchette change de nom pour TheFork (m\^eme en France)}},
  shorttitle = {{Restaurants}},
  abstract = {Le site fran\c{c}ais de r\'eservation de restaurant La Fourchette change de nom pour The Fork suite \`a son rachat par l'am\'ericain Tripadvisor.},
  file = {/Users/macbook/Zotero/storage/3VZCPW2E/restaurants-le-site-de-reservation-la-fourchette-change-de-nom-pour-the-fork-meme-en-france_AN-.html},
  howpublished = {https://www.bfmtv.com/economie/consommation/restaurants-le-site-de-reservation-la-fourchette-change-de-nom-pour-the-fork-meme-en-france\_AN-202002110099.html},
  journal = {BFM BUSINESS},
  language = {fr}
}

@misc{SystemeExploitationMobile,
  title = {Syst\`eme d'exploitation Mobile \textemdash{} {{Wikip\'edia}}},
  file = {/Users/macbook/Zotero/storage/NU52JVMK/Système_d'exploitation_mobile.html},
  howpublished = {https://fr.wikipedia.org/wiki/Syst\%C3\%A8me\_d\%27exploitation\_mobile}
}

@misc{TechnicalOverview,
  title = {Technical Overview},
  abstract = {\#\# What is Flutter?Flutter is an app SDK for building high-performance,high-fidelity apps for iOS, Android, web([beta](https://flutter.dev/web)), and desktop ([technical preview](https://flutter.dev/desktop)) from a single codebase.The goal is to enable developers to deliver high-performanceapps that feel natural on different platforms.We embrace differences in scrolling behaviors, typography,icons, and more.This is a demo app...},
  file = {/Users/macbook/Zotero/storage/M5LUL64K/technical-overview.html},
  howpublished = {https://flutter.dev/docs/resources/technical-overview},
  language = {en}
}

@article{TheFork2020,
  title = {{TheFork}},
  year = {2020},
  month = sep,
  abstract = {TheFork (anciennement LaFourchette) est une plate-forme fran\c{c}aise de r\'eservation de restaurants en ligne, accessible par un site web et par une application mobile disponible sur Android et iOS. Elle est pr\'esente dans plus de vingt pays en Europe et en Am\'erique latine.},
  annotation = {Page Version ID: 174619139},
  copyright = {Creative Commons Attribution-ShareAlike License},
  file = {/Users/macbook/Zotero/storage/G6DF64JD/index.html},
  journal = {Wikip\'edia},
  language = {fr}
}


